@article{Meres:2011ek,
    author = "Meres, Michal and Melo, Ivan and Tomasik, Boris and Balek, Vladimir and Cerny, Vladimir",
    title = "{Generating heavy particles with energy and momentum conservation}",
    eprint = "1101.3339",
    archivePrefix = "arXiv",
    primaryClass = "nucl-th",
    doi = "10.1016/j.cpc.2011.06.015",
    journal = "Comput. Phys. Commun.",
    volume = "182",
    pages = "2561--2566",
    year = "2011"
}
@MISC{terminator,
	HOWPUBLISHED = "Comput.Phys.Commun. 183 (2012) 746-773",
	AUTHOR = "Chojnacki, Miko≈Çaj and Kisiel, Adam and Florkowski, Wojciech and Broniowski, Wojciech",
	TITLE = "THERMal heavy IoN generATOR v.2",
}